@ARTICLE{1,
author={},
journal={}, 
title={},
year={},
month={},
volume={},
number={},
pages={},
keywords={},
ISSN={},
}

@ARTICLE{2,
author={},
journal={}, 
title={},
year={},
month={},
volume={},
number={},
pages={},
keywords={},
ISSN={},
}

@ARTICLE{3,
author={},
journal={}, 
title={},
year={},
month={},
volume={},
number={},
pages={},
keywords={},
ISSN={},
}

@ARTICLE{4,
author={},
journal={}, 
title={},
year={},
month={},
volume={},
number={},
pages={},
keywords={},
ISSN={},
}